@misc{LearningToPoke,
title={Learning to Poke by Poking: Experiential Learning of Intuitive Physics},
author={Pulkit Agrawal and Ashvin Nair and Pieter Abbeel and Jitendra Malik and Sergey Levine}
}

@misc{RopeManipulation,
title={Combining Self-Supervised Learning and Imitation for Vision-Based Rope Manipulation},
author={Ashvin Nair and Dian Chen and Pulkit Agrawal and Phillip Isola and Pieter Abbeel and Jitendra Malik and Sergey Levine}
}


@misc{MachineReasoning,
title={From Machine Learning to Machine Reasoning},
author={Leon Bottou}
}

@misc{EmbodiedCognition,
title={The Development of Embodied Cognition: Six Lessons from Babies},
author={Linda Smith and Michael Gasser}
}


@misc{word2vec,
title={Efficient Estimation of Word Representations in Vector Space},
author={Tomas Mikolov and Kai Chen and Greg Corrado and Jeffrey Dean}
}

@misc{DynamicMemory,
title={Ask Me Anything: Dynamic Memory Networks for Natural Language Processing},
author={Ankit Kumar and Ozan Irsoy and Peter Ondruska and Mohit Iyyer and James Bradbury and Ishaan Gulrajani and Victor Zhong and Romain Paulus and Richard Socher}
}

@misc{ProbabilisticLanguageModel,
title={A Neural Probabilistic Language Model},
author={Yoshua Bengio and Rejean Ducharme and Pascal Vincent and Christian Jauvin}
}

@misc{Language2LogicalForm,
title={Language to Logical Form with Neural Attention},
author={Li Dong and Mirella Lapata}
}

@misc{NeuralSymbolicMachines,
title={Neural Symbolic Machines: Learning Semantic Parsers on Freebase with Weak Supervision},
author={Chen Liang and Jonathan Berant and Quoc Le and Kenneth D. Forbus and Ni Lao}
}

@misc{PointerNetworks,
title={Pointer Networks},
author={Oriol Vinyals and Meire Fortunato and Navdeep Jaitly}
}

@misc{EGCLMAP,
title={Emergence of Grounded Compositional Language in Multi-Agent Populations},
author={Igor Mordatch and Pieter Abbeel}
}

%%%

@misc{RedWine,
title={From Red Wine to Red Tomato: Composition with Context},
author={Ishan Misra and Abhinav Gupta and Martial Hebert}
}

@misc{InductiveLearning,
title={Theory-based Bayesian models of inductive learning and reasoning},
author={Joshua Tenenbaum and Thomas Griffiths and Charles Kemp}
}

@misc{VisualExplanations,
title={Generating Visual Explanatinos},
author={Lisa Hendricks and Zeynep Akata and Marcus Rohrbach and Jeff Donahue and Bernt Schiele and Trevor Darrell}
}

@misc{MultimodalEmbeddings,
title={Imagined Visual Representations as Multimodal Embeddings},
author={Guillem Collell and Ted Zhang and Marie-Francine Moens}
}

@misc{AbstractConceptEmbeddings,
title={Learning Abstract Concept Embeddings from Multi-Modal Data - Since you Probably Canâ€™t See What I Mean},
author={Felix Hill and Anna Korhonen}
}

@misc{TheMoreYouKnow,
title={The More You Know: Using Knowledge Graphs for Image Classification},
author={Kenneth Marino and Ruslan Salakhutdinov and Abhinav Gupta}
}

@misc{LearningToReason,
title={Learning to Reason - End-to-End Module Networks for Visual Question Answering},
author={Ronghang Hu and Jacob Andreas and Marcus Rohrbach and Trevor Darrell and Kate Saenko}
}

@misc{TrackingSpecification,
title={Tracking by Natural Language Specification},
author={Zhenyang Li and Ran Tao and Efstratios Gavves and Cees G. M. Snoek and Arnold W.M. Smeulders}
}

@misc{CompositionalModularNetworks,
title={Modeling Relationships in Referential Expressions with Compositional Modular Networks},
author={Ronghang Hu and Marcus Rohrbach and Jacob Andreas and Trevor Darrell and Kate Saenko}
}


@misc{Visual7W,
title={Visual7W: Grounded Question Answering in Images},
author={Yuke Zhu and Oliver Groth and Michael Bernstein and Li Fei-Fei}
}

@misc{ReferenceInVideos,
title={Unsupervised Visual-Linguistic Reference Resolution in Instructional Videos},
author={De-An Huang and Joseph J. Lim and Li Fei-Fei1 and Juan Carlos Niebles1}
}

@misc{RelationalReasoning,
title={A simple neural network module for relational reasoning},
author={Adam Santoro and David Raposo and David G.T. Barrett and Mateusz Malinowski and Razvan Pascanu and Peter Battaglia and Timothy Lillicrap}
}

@misc{NFSP,
title={Deep Reinforcement Learning from Self-Play in Imperfect-Information Games},
author={Johannes Heinrich and David Silver}
}

@misc{Bicnet,
title={Multiagent Bidirectionally-Coordinated Nets},
author={Peng Peng and Ying Wen and Yaodong Yang and Yuan Quan and Zhenkun Tang and Haitao Long and Jun Wang}
}

@misc{RNNSemantics,
title={Recursive Neural Networks Can Learn Logical Semantics},
author={Samuel R. Bowman and Christopher Potts and Christopher D. Manning}
}